<collection xmlns="http://www.loc.gov/MARC21/slim">
<record>
  <leader>01048nam0a22001691i 450 </leader>
  <controlfield tag="001">IT\ICCU\CNCE\062991</controlfield>
  <controlfield tag="005">20160531000000.0</controlfield>
  <datafield tag="100" ind1=" " ind2=" ">
    <subfield code="a">20051215f1515        0itac0103    ba</subfield>
  </datafield>
  <datafield tag="101" ind1=" " ind2=" ">
    <subfield code="a">ITA</subfield>
  </datafield>
  <datafield tag="102" ind1=" " ind2=" ">
    <subfield code="a">IT</subfield>
  </datafield>
  <datafield tag="200" ind1="1" ind2=" ">
    <subfield code="a">℗La ℗memoranda presa de Peschera cum tutti li successi &amp; accidenti varii de battaglie de giorni in giorni occorsi dopo la rotta de Agnadello data a Venetiani. Doue anchora se narra la destructione de li medesmi cum la perdita de tutto il gia  lor stato toltoli si per il summo pontifice Julio secondo si per lo augustissimo re de romani, si per il serenissimo re de Aragonia si per il duca de Ferrara, como per il christianissimo Ludouico re de Francia inuictissimo duca di Milano, che Dio longamente cel conserue e mantegna cum continua ampliezza del suo felicissimo stato</subfield>
  </datafield>
  <datafield tag="210" ind1=" " ind2=" ">
    <subfield code="d">\prima del 1515!</subfield>
  </datafield>
  <datafield tag="215" ind1=" " ind2=" ">
    <subfield code="a">\2! c.</subfield>
    <subfield code="c">ill.</subfield>
    <subfield code="d">4ʻ</subfield>
  </datafield>
  <datafield tag="300" ind1=" " ind2=" ">
    <subfield code="a">la data si ricava da: Guerre in ottava rima, v. 1, n. 68</subfield>
  </datafield>
  <datafield tag="500" ind1="1" ind2="1">
    <subfield code="3">IT\ICCU\CNCE\062986</subfield>
    <subfield code="a">Presa di Peschiera</subfield>
  </datafield>
  <datafield tag="712" ind1="0" ind2="2">
    <subfield code="a">s.n.</subfield>
    <subfield code="3">IT\ICCU\CNCT\000002</subfield>
    <subfield code="4">650</subfield>
  </datafield>
  <datafield tag="801" ind1=" " ind2="3">
    <subfield code="a">IT</subfield>
    <subfield code="b">ICCU</subfield>
    <subfield code="c">20201115</subfield>
  </datafield>
</record>
</collection>
